@article{gruda2024three,
  title={Three ways ChatGPT helps me in my academic writing},
  author={Gruda, Dritjon},
  journal={Nature},
  year={2024}
}